@article{buvzek1996quantum,
  title={Quantum copying: Beyond the no-cloning theorem},
  author={Bu{\v{z}}ek, Vladimir and Hillery, Mark},
  journal={Physical Review A},
  volume={54},
  number={3},
  pages={1844},
  year={1996},
  publisher={APS}
}

@inproceedings{buvzek1998universal,
  title={Universal optimal cloning of qubits and quantum registers},
  author={Bu{\v{Z}}ek, V and Hillery, Mark},
  booktitle={NASA International Conference on Quantum Computing and Quantum Communications},
  pages={235--246},
  year={1998},
  organization={Springer}
}
~              
@incollection{Buzek1999,
  doi = {10.1007/3-540-49208-9_20},
  url = {https://doi.org/10.1007/3-540-49208-9_20},
  year = {1999},
  publisher = {Springer Berlin Heidelberg},
  pages = {235--246},
  author = {V. Bu{\v{Z}}ek and M. Hillery},
  title = {Universal Optimal Cloning of Qubits and Quantum Registers},
  booktitle = {Quantum Computing and Quantum Communications}
}

@article{Buzek1997,
  title = {Quantum copying: A network},
  author = {Bu\ifmmode \check{z}\else \v{z}\fi{}ek, V. and Braunstein, S. L. and Hillery, M. and Bru\ss{}, D.},
  journal = {Phys. Rev. A},
  volume = {56},
  issue = {5},
  pages = {3446--3452},
  numpages = {0},
  year = {1997},
  month = {Nov},
  publisher = {American Physical Society},
  doi = {10.1103/PhysRevA.56.3446},
  url = {https://link.aps.org/doi/10.1103/PhysRevA.56.3446}
}

@article{EquatorialQCM,
  title = {Quantum cloning machines for equatorial qubits},
  author = {Fan, Heng and Matsumoto, Keiji and Wang, Xiang-Bin and Wadati, Miki},
  journal = {Phys. Rev. A},
  volume = {65},
  issue = {1},
  pages = {012304},
  numpages = {7},
  year = {2001},
  month = {Dec},
  publisher = {American Physical Society},
  doi = {10.1103/PhysRevA.65.012304},
  url = {https://link.aps.org/doi/10.1103/PhysRevA.65.012304}
}

@article{PhysRevA.72.052322,
  title = {Economical quantum cloning in any dimension},
  author = {Durt, Thomas and Fiur\'a\ifmmode \check{s}\else \v{s}\fi{}ek, Jarom\'{\i}r and Cerf, Nicolas J.},
  journal = {Phys. Rev. A},
  volume = {72},
  issue = {5},
  pages = {052322},
  numpages = {8},
  year = {2005},
  month = {Nov},
  publisher = {American Physical Society},
  doi = {10.1103/PhysRevA.72.052322},
  url = {https://link.aps.org/doi/10.1103/PhysRevA.72.052322}
}


