@incollection{Buzek1999,
  doi = {10.1007/3-540-49208-9_20},
  url = {https://doi.org/10.1007/3-540-49208-9_20},
  year = {1999},
  publisher = {Springer Berlin Heidelberg},
  pages = {235--246},
  author = {V. Bu{\v{Z}}ek and M. Hillery},
  title = {Universal Optimal Cloning of Qubits and Quantum Registers},
  booktitle = {Quantum Computing and Quantum Communications}
}

@article{Buzek1997,
  title = {Quantum copying: Beyond the no-cloning theorem},
  author = {Bu\ifmmode \check{z}\else \v{z}\fi{}ek, V. and Hillery, M.},
  journal = {Phys. Rev. A},
  volume = {54},
  issue = {3},
  pages = {1844--1852},
  numpages = {0},
  year = {1996},
  month = {Sep},
  publisher = {American Physical Society},
  doi = {10.1103/PhysRevA.54.1844},
  url = {https://link.aps.org/doi/10.1103/PhysRevA.54.1844}
}
