@article{buvzek1996quantum,
  title={Quantum copying: Beyond the no-cloning theorem},
  author={Bu{\v{z}}ek, Vladimir and Hillery, Mark},
  journal={Physical Review A},
  volume={54},
  number={3},
  pages={1844},
  year={1996},
  publisher={APS}
}

@inproceedings{buvzek1998universal,
  title={Universal optimal cloning of qubits and quantum registers},
  author={Bu{\v{Z}}ek, V and Hillery, Mark},
  booktitle={NASA International Conference on Quantum Computing and Quantum Communications},
  pages={235--246},
  year={1998},
  organization={Springer}
}